@misc{cooper2011roommate,
  author    = {Cooper, Sheldon and Hofstadter, Leonard},
  title     = {The Roommate Agreement: A Formal Framework for Domestic Coexistence},
  year      = {2011},
  note      = {Unpublished Manuscript},
  howpublished = {Caltech Department of Theoretical Physics, Pasadena},
}

@article{fowler2014softkitty,
  author  = {Fowler, Amy Farrah and Cooper, Sheldon},
  title   = {On the Soothing Effects of the Soft Kitty Filter in Noisy Environments},
  journal = {Journal of Quirky Neuroscience},
  year    = {2014},
  volume  = {42},
  number  = {7},
  pages   = {314--321}
}
